@book{phoible,
  address   = {Leipzig},
  editor    = {Steven Moran and Daniel McCloy and Richard Wright},
  publisher = {Max Planck Institute for Evolutionary Anthropology},
  title     = {PHOIBLE Online},
  url       = {https://phoible.org/},
  year      = {2014}
}